
@manual{Trick,
    title = {Trick Simulation Environment},
    author = {Alex Lin},
    organization = {NASA Johnson Space Center, Simulation and Graphics Branch},
    date = {2021},
    url = {https://github.com/nasa/trick/wiki},
    urldate = {2021-01-26}
}

@book{vallado2001,
   author = {Vallado, D.A.},
   title = {Fundamentals of Astrodynamics and Applications},
   edition = {2nd},
   publisher = {Microcosm Press},
   address = {El Segundo, California},
   year = {2001}
}


